<?xml version="1.0" encoding="UTF-8"?>
<record xmlns="http://www.loc.gov/MARC21/slim" xmlns:zs="http://docs.oasis-open.org/ns/search-ws/sruResponse">
 <leader>
  09259cpcaa22012257a 4500
 </leader>
 <controlfield tag="001">
  12653309
 </controlfield>
 <controlfield tag="005">
  20240814154331.0
 </controlfield>
 <controlfield tag="007">
  sd dm|fnnig||b
 </controlfield>
 <controlfield tag="007">
  sd dm|ennig||b
 </controlfield>
 <controlfield tag="007">
  st umnbuuu|||e
 </controlfield>
 <controlfield tag="007">
  sd dmuznnii||e
 </controlfield>
 <controlfield tag="008">
  020123i19411972dcu                 eng
 </controlfield>
 <datafield ind1=" " ind2=" " tag="906">
  <subfield code="a">
   7
  </subfield>
  <subfield code="b">
   cbc
  </subfield>
  <subfield code="c">
   orignew
  </subfield>
  <subfield code="d">
   u
  </subfield>
  <subfield code="e">
   ncip
  </subfield>
  <subfield code="f">
   20
  </subfield>
  <subfield code="g">
   y-folklife
  </subfield>
 </datafield>
 <datafield ind1=" " ind2=" " tag="955">
  <subfield code="a">
   cker 2003-02-24; mkru 2004-06-08; mkru 2004-08-16; mkru 2004-09-30; mkru 2005-08-09; mkru 2010-01-20; mkru 2012-11-30
  </subfield>
  <subfield code="a">
   mkru 2015-11-17
  </subfield>
  <subfield code="a">
   mkru 2018-04-17
  </subfield>
  <subfield code="a">
   jhock 2022-01-31
  </subfield>
  <subfield code="a">
   masmit 2023-05-09
  </subfield>
  <subfield code="a">
   masmit 2024-08-14
  </subfield>
 </datafield>
 <datafield ind1=" " ind2=" " tag="010">
  <subfield code="a">
   2003682276
  </subfield>
 </datafield>
 <datafield ind1=" " ind2=" " tag="040">
  <subfield code="a">
   DLC
  </subfield>
  <subfield code="c">
   DLC
  </subfield>
  <subfield code="e">
   appm
  </subfield>
  <subfield code="d">
   DLC
  </subfield>
  <subfield code="d">
   DLC
  </subfield>
 </datafield>
 <datafield ind1=" " ind2=" " tag="043">
  <subfield code="a">
   n-us-ar
  </subfield>
  <subfield code="a">
   n-us-mo
  </subfield>
  <subfield code="a">
   n-us-ok
  </subfield>
 </datafield>
 <datafield ind1=" " ind2=" " tag="090">
  <subfield code="a">
   AFS 5236-5425, AFS 6897-6904
  </subfield>
 </datafield>
 <datafield ind1=" " ind2=" " tag="090">
  <subfield code="a">
   LWO 3493, reels 14-16 and reels 56-57
  </subfield>
 </datafield>
 <datafield ind1=" " ind2=" " tag="090">
  <subfield code="a">
   AFC 1941/001
  </subfield>
 </datafield>
 <datafield ind1="0" ind2="0" tag="245">
  <subfield code="a">
   Vance Randolph collection,
  </subfield>
  <subfield code="f">
   1941-1972
  </subfield>
  <subfield code="g">
   (bulk 1941-1943) /
  </subfield>
  <subfield code="c">
   collected by Vance Randolph.
  </subfield>
 </datafield>
 <datafield ind1=" " ind2=" " tag="300">
  <subfield code="3">
   whole collection
  </subfield>
  <subfield code="a">
   18,216
  </subfield>
  <subfield code="f">
   items
  </subfield>
 </datafield>
 <datafield ind1=" " ind2=" " tag="300">
  <subfield code="3">
   whole collection
  </subfield>
  <subfield code="a">
   25
  </subfield>
  <subfield code="f">
   boxes
  </subfield>
 </datafield>
 <datafield ind1=" " ind2=" " tag="300">
  <subfield code="3">
   manuscripts
  </subfield>
  <subfield code="a">
   273
  </subfield>
  <subfield code="f">
   folders
  </subfield>
 </datafield>
 <datafield ind1=" " ind2=" " tag="300">
  <subfield code="3">
   sound recordings
  </subfield>
  <subfield code="a">
   255 sound discs :
  </subfield>
  <subfield code="b">
   analog ;
  </subfield>
  <subfield code="c">
   various sizes, 16 in. and smaller
  </subfield>
 </datafield>
 <datafield ind1=" " ind2=" " tag="300">
  <subfield code="3">
   sound recordings
  </subfield>
  <subfield code="a">
   1 sound tape reel ;
  </subfield>
  <subfield code="c">
   5 in.
  </subfield>
 </datafield>
 <datafield ind1=" " ind2=" " tag="300">
  <subfield code="3">
   graphic materials
  </subfield>
  <subfield code="a">
   167
  </subfield>
  <subfield code="f">
   photographic prints
  </subfield>
 </datafield>
 <datafield ind1=" " ind2=" " tag="300">
  <subfield code="3">
   graphic materials
  </subfield>
  <subfield code="a">
   8
  </subfield>
  <subfield code="f">
   photographic negatives
  </subfield>
 </datafield>
 <datafield ind1=" " ind2=" " tag="351">
  <subfield code="a">
   Organized by format into the following series: I. Manuscripts (Administrative Files; Subject Files; Correspondence Files; Reprints of Journal Articles and Reviews; and Newspaper Clippings); II. Sound Recordings; III. Graphic Materials; IV. 2021 Accrual.
  </subfield>
 </datafield>
 <datafield ind1="1" ind2=" " tag="545">
  <subfield code="a">
   In 1941 and 1942, Vance Randolph was commissioned by the Archive of American Folk Song at the Library of Congress to make field recordings in the Ozarks region. The recordings were deposited at the Library in 1941-1942.  Randolph was also commissioned to take photographs of the performers with film supplied by the Library of Congress; the negatives are in LOT 5580, Prints and Photographs Division.
  </subfield>
 </datafield>
 <datafield ind1=" " ind2=" " tag="520">
  <subfield code="a">
   The Vance Randolph collection documents aspects of Ozark Mountains folklife and culture from 1941-1972. Randolph made field recordings of folksongs, speech, and photographs in the Ozarks from 1941-1943 for the Archive of American Folk Song, Library of Congress. Randolph donated his papers to the Archive in 1972 and the two accessions were combined.  Recordings include instrumentals, unaccompanied and accompanied ballads, folk songs, popular songs, hymns, religious songs, fiddle tunes, and old-time music, performed on fiddle, banjo, mandolin, guitar, piano, and harmonica. Randolph accumulated an extensive number of newspaper clippings and topical files on a wide variety of subjects relating to the Ozarks, including local legends, folk beliefs, local history, traditional music, childrens' games, folk medicine, spiritual healing, jokes, riddles, place names, medicine shows, local dialect, folk festivals, sporting activities, local outlaw Belle Starr, and other local characters. Vance Randolph's papers (1972 accession) comprise correspondence, fieldnotes, notes on family history, maps, articles, research notes, additional photographs, and other documents. Correspondents include Alan Lomax, Sidney Robertson Cowell, Henry Cowell, Louise Pound, Franz Boas, George Lyman Kittredge, Dorothy Scarborough, Thomas Hart Benton, Benjamin A. Botkin, Bertrand Bronson, Wayland D. Hand, Ruth Crawford Seeger, Richard Dorson, Herbert Halpert, Kenneth S. Goldstein, Gershon Legman, among others.
  </subfield>
 </datafield>
 <datafield ind1="0" ind2=" " tag="511">
  <subfield code="a">
   Various performers include May Kennedy McCord, Booth Campbell, Lon Jordan, Stella Buchanan, Delbert McGrath, Lillian Short, Laura Wasson, Maggie Morgan, Doney Hammontree, Fred Woodruff, Ralph Eutsler, Carl Tilden, Irene Carlisle, Paramount Singers Quartet, Wythe Bishop, Bill Bilyeu, Charles Ingenthron, with songs performed by Vance Randolph, among many others.
  </subfield>
 </datafield>
 <datafield ind1="8" ind2=" " tag="524">
  <subfield code="a">
   Vance Randolph collection (AFC 1941/001), American Folklife Center, Library of Congress, Washington, D.C.
  </subfield>
 </datafield>
 <datafield ind1="0" ind2=" " tag="506">
  <subfield code="a">
   Collection is open for research. To request materials, please contact the Folklife Reading Room at
  </subfield>
  <subfield code="u">
   https://hdl.loc.gov/loc.afc/folklife.contact
  </subfield>
 </datafield>
 <datafield ind1=" " ind2=" " tag="540">
  <subfield code="a">
   Duplication of the collection materials may be governed by copyright and other restrictions.
  </subfield>
 </datafield>
 <datafield ind1=" " ind2=" " tag="541">
  <subfield code="3">
   Sound recordings:
  </subfield>
  <subfield code="c">
   Accessioned,
  </subfield>
  <subfield code="d">
   1941-1942.
  </subfield>
 </datafield>
 <datafield ind1=" " ind2=" " tag="541">
  <subfield code="3">
   Manuscripts:
  </subfield>
  <subfield code="a">
   Vance Randolph;
  </subfield>
  <subfield code="c">
   Donation;
  </subfield>
  <subfield code="d">
   1972.
  </subfield>
 </datafield>
 <datafield ind1=" " ind2=" " tag="541">
  <subfield code="3">
   Photographs:
  </subfield>
  <subfield code="a">
   Vance Randolph;
  </subfield>
  <subfield code="c">
   Donation;
  </subfield>
  <subfield code="d">
   1972.
  </subfield>
 </datafield>
 <datafield ind1=" " ind2=" " tag="541">
  <subfield code="3">
   Accrual:
  </subfield>
  <subfield code="a">
   Rayna Green;
  </subfield>
  <subfield code="c">
   Donation;
  </subfield>
  <subfield code="d">
   2021.
  </subfield>
 </datafield>
 <datafield ind1="0" ind2=" " tag="545">
  <subfield code="a">
   Vance Randolph was a self-educated folklorist who made a living as a professional writer. Born in Pittsburg, Kansas, in 1892, he was educated as a scientist: as an undergraduate, he studied biology, and then in graduate school at Clark University, in psychology. As a graduate student, Randolph began to earn money by coaching students and ghostwriting. He then moved to the Ozark Mountains, where he lived for the remainder of his life. He was married twice, the first marriage lasting through the 1930s. In 1962 he married Mary Celestia Parler, a professor of English at the University of Arkansas and an active member of the folklore community, in Fayetteville, Arkansas.
  </subfield>
 </datafield>
 <datafield ind1=" " ind2=" " tag="546">
  <subfield code="a">
   In English.
  </subfield>
 </datafield>
 <datafield ind1="0" ind2=" " tag="555">
  <subfield code="a">
   Finding aid is available online
  </subfield>
  <subfield code="u">
   https://hdl.loc.gov/loc.afc/eadafc.af000001
  </subfield>
 </datafield>
 <datafield ind1=" " ind2=" " tag="555">
  <subfield code="a">
   Bibliographic information for music titles in this collection is found in the online resource, Traditional Music and Spoken Word Catalog: Search for audio titles in the Vance Randolph Collection.
  </subfield>
 </datafield>
 <datafield ind1=" " ind2=" " tag="580">
  <subfield code="a">
   Related photographs taken by Vance Randolph for the Archive of Folk Song in the 1940s are in LOT 5580, Prints and Photographs Division, Library of Congress.
  </subfield>
 </datafield>
 <datafield ind1=" " ind2=" " tag="580">
  <subfield code="a">
   Related manuscripts are the Vance Randolph book typescripts, 1947-1953, Manuscript Division, Library of Congress.
  </subfield>
 </datafield>
 <datafield ind1=" " ind2=" " tag="581">
  <subfield code="a">
   Selections published  in: Randolph, Vance. Ozark Folk songs (Columbia, Mo.: The State Historical Society of Missouri, 1946-50; rev. ed. 1980) and other publications.
  </subfield>
 </datafield>
 <datafield ind1="1" ind2="0" tag="600">
  <subfield code="a">
   Randolph, Vance,
  </subfield>
  <subfield code="d">
   1892-1980
  </subfield>
  <subfield code="x">
   Ethnomusicological collections.
  </subfield>
 </datafield>
 <datafield ind1="1" ind2="0" tag="600">
  <subfield code="a">
   Randolph, Vance,
  </subfield>
  <subfield code="d">
   1892-1980
  </subfield>
  <subfield code="v">
   Correspondence.
  </subfield>
 </datafield>
 <datafield ind1="1" ind2="0" tag="600">
  <subfield code="a">
   Starr, Belle,
  </subfield>
  <subfield code="d">
   1848-1889.
  </subfield>
 </datafield>
 <datafield ind1=" " ind2="0" tag="650">
  <subfield code="a">
   Folk music
  </subfield>
  <subfield code="z">
   Ozark Mountains Region.
  </subfield>
 </datafield>
 <datafield ind1=" " ind2="0" tag="650">
  <subfield code="a">
   Folk songs, English
  </subfield>
  <subfield code="z">
   Ozark Mountains Region.
  </subfield>
 </datafield>
 <datafield ind1=" " ind2="0" tag="650">
  <subfield code="a">
   Ballads, English
  </subfield>
  <subfield code="z">
   Ozark Mountains Region.
  </subfield>
 </datafield>
 <datafield ind1=" " ind2="0" tag="650">
  <subfield code="a">
   Folk dance music
  </subfield>
  <subfield code="z">
   Ozark Mountains Region.
  </subfield>
 </datafield>
 <datafield ind1=" " ind2="0" tag="650">
  <subfield code="a">
   Fiddle tunes
  </subfield>
  <subfield code="z">
   Ozark Mountains Region.
  </subfield>
 </datafield>
 <datafield ind1=" " ind2="0" tag="650">
  <subfield code="a">
   Old-time music
  </subfield>
  <subfield code="z">
   Ozark Mountains Region.
  </subfield>
 </datafield>
 <datafield ind1=" " ind2="0" tag="650">
  <subfield code="a">
   Hymns, English
  </subfield>
  <subfield code="z">
   Ozark Mountains Region.
  </subfield>
 </datafield>
 <datafield ind1=" " ind2="0" tag="650">
  <subfield code="a">
   Folk festivals
  </subfield>
  <subfield code="z">
   Ozark Mountains Region.
  </subfield>
 </datafield>
 <datafield ind1=" " ind2="0" tag="650">
  <subfield code="a">
   Children's songs, English
  </subfield>
  <subfield code="z">
   Ozark Mountains Region.
  </subfield>
 </datafield>
 <datafield ind1=" " ind2="0" tag="650">
  <subfield code="a">
   Folklore
  </subfield>
  <subfield code="z">
   Ozark Mountains Region.
  </subfield>
 </datafield>
 <datafield ind1=" " ind2="0" tag="650">
  <subfield code="a">
   Folklorists
  </subfield>
  <subfield code="z">
   Ozark Mountains Region.
  </subfield>
 </datafield>
 <datafield ind1=" " ind2="0" tag="650">
  <subfield code="a">
   Folklorists
  </subfield>
  <subfield code="z">
   United States
  </subfield>
  <subfield code="v">
   Correspondence.
  </subfield>
 </datafield>
 <datafield ind1=" " ind2="0" tag="650">
  <subfield code="a">
   Folk literature
  </subfield>
  <subfield code="z">
   Ozark Mountains Region.
  </subfield>
 </datafield>
 <datafield ind1=" " ind2="0" tag="650">
  <subfield code="a">
   English language
  </subfield>
  <subfield code="x">
   Dialects
  </subfield>
  <subfield code="z">
   Ozark Mountains Region.
  </subfield>
 </datafield>
 <datafield ind1=" " ind2="0" tag="650">
  <subfield code="a">
   Games
  </subfield>
  <subfield code="z">
   Ozark Mountains Region.
  </subfield>
 </datafield>
 <datafield ind1=" " ind2="0" tag="650">
  <subfield code="a">
   Material culture
  </subfield>
  <subfield code="z">
   Ozark Mountains Region.
  </subfield>
 </datafield>
 <datafield ind1=" " ind2="0" tag="650">
  <subfield code="a">
   Rites and ceremonies
  </subfield>
  <subfield code="z">
   Ozark Mountains Region.
  </subfield>
 </datafield>
 <datafield ind1=" " ind2="0" tag="650">
  <subfield code="a">
   Shape-note singing
  </subfield>
  <subfield code="z">
   Ozark Mountains Region.
  </subfield>
 </datafield>
 <datafield ind1=" " ind2="0" tag="650">
  <subfield code="a">
   Singing games
  </subfield>
  <subfield code="z">
   Ozark Mountains Region.
  </subfield>
 </datafield>
 <datafield ind1=" " ind2="0" tag="650">
  <subfield code="a">
   Storytelling
  </subfield>
  <subfield code="z">
   Ozark Mountains Region.
  </subfield>
 </datafield>
 <datafield ind1=" " ind2="0" tag="650">
  <subfield code="a">
   Superstition
  </subfield>
  <subfield code="z">
   Ozark Mountains Region.
  </subfield>
 </datafield>
 <datafield ind1=" " ind2="0" tag="650">
  <subfield code="a">
   Tales
  </subfield>
  <subfield code="z">
   Ozark Mountains Region.
  </subfield>
 </datafield>
 <datafield ind1=" " ind2="7" tag="650">
  <subfield code="a">
   Tall tales.
  </subfield>
  <subfield code="2">
   afset
  </subfield>
 </datafield>
 <datafield ind1=" " ind2="0" tag="650">
  <subfield code="a">
   Traditional medicine
  </subfield>
  <subfield code="z">
   Ozark Mountains Region.
  </subfield>
 </datafield>
 <datafield ind1=" " ind2="0" tag="651">
  <subfield code="a">
   Ozark Mountains
  </subfield>
  <subfield code="x">
   Social life and customs.
  </subfield>
 </datafield>
 <datafield ind1=" " ind2="0" tag="651">
  <subfield code="a">
   Ozark Mountains
  </subfield>
  <subfield code="x">
   Religious life and customs.
  </subfield>
 </datafield>
 <datafield ind1=" " ind2="0" tag="651">
  <subfield code="a">
   Ozark Mountains
  </subfield>
  <subfield code="x">
   History, Local.
  </subfield>
 </datafield>
 <datafield ind1=" " ind2="0" tag="651">
  <subfield code="a">
   Arkansas
  </subfield>
  <subfield code="x">
   Folklore.
  </subfield>
 </datafield>
 <datafield ind1=" " ind2="0" tag="651">
  <subfield code="a">
   Missouri
  </subfield>
  <subfield code="x">
   Folklore.
  </subfield>
 </datafield>
 <datafield ind1=" " ind2="0" tag="651">
  <subfield code="a">
   Oklahoma
  </subfield>
  <subfield code="x">
   Folklore.
  </subfield>
 </datafield>
 <datafield ind1=" " ind2="7" tag="655">
  <subfield code="a">
   Correspondence.
  </subfield>
  <subfield code="2">
   aat
  </subfield>
 </datafield>
 <datafield ind1=" " ind2="7" tag="655">
  <subfield code="a">
   Lecture notes.
  </subfield>
  <subfield code="2">
   aat
  </subfield>
 </datafield>
 <datafield ind1=" " ind2="7" tag="655">
  <subfield code="a">
   Manuscripts.
  </subfield>
  <subfield code="2">
   aat
  </subfield>
 </datafield>
 <datafield ind1=" " ind2="7" tag="655">
  <subfield code="a">
   Photographic prints.
  </subfield>
  <subfield code="2">
   aat
  </subfield>
 </datafield>
 <datafield ind1=" " ind2="7" tag="655">
  <subfield code="a">
   Sound recordings.
  </subfield>
  <subfield code="2">
   aat
  </subfield>
 </datafield>
 <datafield ind1=" " ind2="7" tag="655">
  <subfield code="a">
   Clippings.
  </subfield>
  <subfield code="2">
   gmgpc
  </subfield>
 </datafield>
 <datafield ind1=" " ind2="7" tag="655">
  <subfield code="a">
   Field recordings.
  </subfield>
  <subfield code="2">
   lcgft
  </subfield>
 </datafield>
 <datafield ind1="1" ind2=" " tag="700">
  <subfield code="a">
   Bilyeu, Willie,
  </subfield>
  <subfield code="d">
   1902-1973,
  </subfield>
  <subfield code="e">
   performer.
  </subfield>
 </datafield>
 <datafield ind1="1" ind2=" " tag="700">
  <subfield code="a">
   Campbell, Booth,
  </subfield>
  <subfield code="e">
   performer.
  </subfield>
 </datafield>
 <datafield ind1="1" ind2=" " tag="700">
  <subfield code="a">
   Carlisle, Irene Jones,
  </subfield>
  <subfield code="e">
   performer.
  </subfield>
 </datafield>
 <datafield ind1="1" ind2=" " tag="700">
  <subfield code="a">
   Denoon, Jimmy,
  </subfield>
  <subfield code="d">
   1921-1978,
  </subfield>
  <subfield code="e">
   performer.
  </subfield>
 </datafield>
 <datafield ind1="1" ind2=" " tag="700">
  <subfield code="a">
   Hammontree, Doney,
  </subfield>
  <subfield code="e">
   performer.
  </subfield>
 </datafield>
 <datafield ind1="1" ind2=" " tag="700">
  <subfield code="a">
   Ingenthron, Charles,
  </subfield>
  <subfield code="e">
   performer.
  </subfield>
 </datafield>
 <datafield ind1="1" ind2=" " tag="700">
  <subfield code="a">
   Jordan, Lon,
  </subfield>
  <subfield code="e">
   performer.
  </subfield>
 </datafield>
 <datafield ind1="1" ind2=" " tag="700">
  <subfield code="a">
   McCord, May K.,
  </subfield>
  <subfield code="e">
   performer.
  </subfield>
 </datafield>
 <datafield ind1="1" ind2=" " tag="700">
  <subfield code="a">
   Randolph, Vance,
  </subfield>
  <subfield code="d">
   1892-1980,
  </subfield>
  <subfield code="e">
   collector,
  </subfield>
  <subfield code="e">
   performer.
  </subfield>
 </datafield>
 <datafield ind1="1" ind2=" " tag="700">
  <subfield code="a">
   Read, Lessie Stringfellow,
  </subfield>
  <subfield code="d">
   1891-1971,
  </subfield>
  <subfield code="e">
   performer.
  </subfield>
 </datafield>
 <datafield ind1="1" ind2=" " tag="700">
  <subfield code="a">
   Tuttle, Mildred,
  </subfield>
  <subfield code="e">
   performer.
  </subfield>
 </datafield>
 <datafield ind1="2" ind2=" " tag="710">
  <subfield code="a">
   Archive of Folk Song (U.S.)
  </subfield>
  <subfield code="e">
   sponsor.
  </subfield>
 </datafield>
 <datafield ind1="0" ind2=" " tag="774">
  <subfield code="t">
   Photographs of folk musicians in Arkansas and Missouri
  </subfield>
  <subfield code="w">
   (DLC)  2005693522
  </subfield>
 </datafield>
 <datafield ind1="0" ind2=" " tag="787">
  <subfield code="t">
   Vance Randolph book typescripts, 1947-1953
  </subfield>
  <subfield code="w">
   (DLC)mm 78037275
  </subfield>
 </datafield>
 <datafield ind1=" " ind2=" " tag="852">
  <subfield code="a">
   Library of Congress
  </subfield>
  <subfield code="b">
   American Folklife Center,
  </subfield>
  <subfield code="e">
   101 Independence Ave. S.E., Washington, DC USA 20540-4610
  </subfield>
  <subfield code="u">
   https://hdl.loc.gov/loc.afc/folklife.home
  </subfield>
 </datafield>
 <datafield ind1="4" ind2="2" tag="856">
  <subfield code="3">
   Finding aid
  </subfield>
  <subfield code="u">
   https://hdl.loc.gov/loc.afc/eadafc.af000001
  </subfield>
 </datafield>
 <datafield ind1="4" ind2="2" tag="856">
  <subfield code="3">
   Search for audio titles in the the Vance Randolph Collection
  </subfield>
  <subfield code="u">
   https://hdl.loc.gov/loc.afc/collafc.af000120
  </subfield>
 </datafield>
 <datafield ind1=" " ind2=" " tag="985">
  <subfield code="a">
   afc/ead
  </subfield>
 </datafield>
 <datafield ind1=" " ind2=" " tag="985">
  <subfield code="a">
   afc/coll
  </subfield>
 </datafield>
</record>
